
@ARTICLE{Chen2023,
  author  = "Junwei Chen",
  title   = "Analysis of Bitcoin Price Prediction Using Machine Learning",
  journal = "J. Risk Financial Manag.",
  volume  = "16",
  number  = "1",
  pages   = "51",
  year    = "2023",
  doi     = "10.3390/jrfm16010051",
  url     = "https://www.mdpi.com/1911-8074/16/1/51"
}

@ARTICLE{Ji2019,
  author  = "Suhwan Ji and Jongmin Kim and Hyeonseung Im",
  title   = "A Comparative Study of Bitcoin Price Prediction Using Deep Learning",
  journal = "Mathematics",
  volume  = "7",
  number  = "10",
  pages   = "898",
  year    = "2019",
  doi     = "10.3390/math7100898",
  url     = "https://doi.org/10.3390/math7100898"
}

@ARTICLE{Chen2020,
  author  = "Zheshi Chen and Chunhong Li and Wenjun Sun",
  title   = "Bitcoin price prediction using machine learning: An approach to sample dimension engineering",
  journal = "Journal of Computational and Applied Mathematics",
  volume  = "365",
  pages   = "112395",
  year    = "2020",
  month   = "February",
  doi     = "10.1016/j.cam.2019.112395",
  url     = "https://doi.org/10.1016/j.cam.2019.112395"
}

@BOOK{James2023,
  author = "Gareth James and Daniela Witten and Trevor Hastie",
  title = "An Introduction to Statistical Learning: with Applications in Python",
  publisher = "Springer",
  address = "New York",
  year = "2023",
  edition = "3rd"
}

@online{adaBoostAnalyticsVidhya,
  author       = {Analytics Vidhya},
  organization = {Analytics Vidhya},
  title        = {AdaBoost Algorithm: A Complete Guide for Beginners},
  year         = {2021},
  url          = {https://www.analyticsvidhya.com/blog/2021/09/adaboost-algorithm-a-complete-guide-for-beginners/#:~:text=AdaBoost%20algorithm%2C%20short%20for%20Adaptive,assigned%20to%20incorrectly%20classified%20instances.},
  note         = {Accessed: 2025-02-25}
}

@online{votingRegressorMedium,
  author       = {Data and Beyond},
  organization = {Medium},
  title        = {Voting Regressor: Intuition and Implementation},
  year         = {2021},
  url          = {https://medium.com/data-and-beyond/voting-regressor-intuition-and-implementation-0359771b5204#:~:text=The%20Voting%20Regressor%20is%20a,better%20generalization%20to%20new%20data.},
  note         = {Accessed: 2025-02-25}
}

@online{bitcoinData,
  author       = {Alex Harris},
  organization = {Kaggle},
  title        = {Bitcoin Network On-Chain Blockahin Data},
  year         = {2024},
  url          = {https://www.kaggle.com/datasets/aleexharris/bitcoin-network-on-chain-blockchain-data?select=blockchain_dot_com_daily_data.csv},
  note         = {Accessed: 2025-02-25}
}

@online{m2slData,
  author       = {Unknown},
  organization = {Federal Reserve Bank of Saint Louis},
  title        = {M2SL},
  year         = {2025},
  url          = {https://fred.stlouisfed.org/series/M2SL},
  note         = {Accessed: 2025-02-25}
}

@online{dxyData,
  author       = {Unknown},
  organization = {MarketWatch},
  title        = {U.S. Dollar Index (DXY)},
  year         = {2025},
  url          = {https://www.marketwatch.com/investing/index/dxy/download-data?startDate=1/1/2024&endDate=12/31/2024},
  note         = {Accessed: 2025-02-25}
}